<?xml version="1.0" encoding="UTF-8"?><collection xmlns="http://www.loc.gov/MARC21/slim"><record><leader>00398nam--2200133-i-4500</leader><controlfield tag="001">000006397</controlfield><controlfield tag="002">20161230</controlfield><controlfield tag="005">20161230201026</controlfield><controlfield tag="008">060222s1000------------r-----000-0-eng-d</controlfield><datafield ind1=" " ind2=" " tag="245"><subfield code="a">Current research in astronautical sciences</subfield></datafield><datafield ind1=" " ind2=" " tag="260"><subfield code="a">Oxford, Pergamon Press, 1961 Xxi + 535 P</subfield></datafield><datafield ind1=" " ind2=" " tag="490"><subfield code="a">International Series Of Monographs In Aeronaut Ics And Astronautics</subfield></datafield><datafield ind1=" " ind2=" " tag="700"><subfield code="a">Broglio, L</subfield></datafield><datafield ind1=" " ind2=" " tag="852"><subfield code="a">18903</subfield></datafield></record></collection>